@misc{simonyan2014deep,
      title={Deep Inside Convolutional Networks: Visualising Image Classification Models and Saliency Maps}, 
      author={Karen Simonyan and Andrea Vedaldi and Andrew Zisserman},
      year={2014},
      eprint={1312.6034},
      archivePrefix={arXiv},
      primaryClass={cs.CV}
}
@inproceedings{46494,
title	= {The (Un)reliability of Saliency methods},
author	= {Pieter-jan Kindermans and Sara Hooker and Julius Adebayo and Maximilian Alber and Kristof T. Schütt and Sven Dähne and Dumitru Erhan and Been Kim},
year	= {2017},
URL	= {https://arxiv.org/pdf/1711.00867.pdf}
}

@misc{zeiler2013visualizing,
      title={Visualizing and Understanding Convolutional Networks}, 
      author={Matthew D Zeiler and Rob Fergus},
      year={2013},
      eprint={1311.2901},
      archivePrefix={arXiv},
      primaryClass={cs.CV}
}

@inproceedings{imagenet2009,
author = {Deng, Jia and Dong, Wei and Socher, Richard and Li, Li-Jia and Li, Kai and Li, Fei-Fei},
year = {2009},
month = {06},
pages = {248-255},
title = {ImageNet: a Large-Scale Hierarchical Image Database},
journal = {IEEE Conference on Computer Vision and Pattern Recognition},
doi = {10.1109/CVPR.2009.5206848}
}

@article{cnnLecun1998,
author = {Lecun, Yann and Bottou, Leon and Bengio, Y. and Haffner, Patrick},
year = {1998},
month = {12},
pages = {2278 - 2324},
title = {Gradient-Based Learning Applied to Document Recognition},
volume = {86},
journal = {Proceedings of the IEEE},
doi = {10.1109/5.726791}
}

@misc{stanford-dogs,
  title        = "Stanford Dogs Dataset",
  author       = {Aditya Khosla and Nityananda Jayadevaprakash and Bangpeng Yao and Li Fei-Fei},
  howpublished = "\url{https://www.kaggle.com/jessicali9530/stanford-dogs-dataset}",
  year         = 2019,
  note         = "Accessed: 2021-05-01"
}


@misc{food101,
  title        = "Food Images (Food-101)",
  author       = "{ETH}",
  howpublished = "\url{https://www.kaggle.com/kmader/food41}",
  year         = 2018,
  note         = "Accessed: 2021-05-01"
}

@misc{edible-wild-plants,
  title        = "Edible wild plants",
  author       = {Gabriel Verzea},
  howpublished = "\url{https://www.kaggle.com/gverzea/edible-wild-plants}",
  year         = 2018,
  note         = "Accessed: 2021-05-01"
}


@misc{plants-dataset,
  title        = "Plants Dataset[99 classes]",
  author       = {Muhammad Jawad and Muhammad Safwan and Hamza Usman and Rimsha Khan},
  howpublished = "\url{https://www.kaggle.com/muhammadjawad1998/plants-dataset99-classes?select=Plant_Data}",
  year         = 2020,
  note         = "Accessed: 2021-05-01"
}

@misc{marvel-heroes,
  title        = "Marvel Heroes",
  author       = {Ethan},
  howpublished = "\url{https://www.kaggle.com/hchen13/marvel-heroes}",
  year         = 2019,
  note         = "Accessed: 2021-05-01"
}

@inproceedings{zeiler2011adaptive,
  title={Adaptive deconvolutional networks for mid and high level feature learning},
  author={Zeiler, Matthew D and Taylor, Graham W and Fergus, Rob},
  booktitle={2011 International Conference on Computer Vision},
  pages={2018--2025},
  year={2011},
  organization={IEEE}
}

@article{hahnloser2000digital,
  title={Digital selection and analog amplification co-exist in an electronic circuit inspired by neocortex},
  author={Hahnloser, R and Sarpeshkar, Rahul and Mahowald, Misha and Douglas, Rodney J and Seung, Sebastian},
  journal={Nature},
  volume={405},
  number={6789},
  pages={947--951},
  year={2000}
}

@article{springenberg2014striving,
  title={Striving for simplicity: The all convolutional net},
  author={Springenberg, Jost Tobias and Dosovitskiy, Alexey and Brox, Thomas and Riedmiller, Martin},
  journal={arXiv preprint arXiv:1412.6806},
  year={2014}
}

@inproceedings{sundararajan2017axiomatic,
  title={Axiomatic attribution for deep networks},
  author={Sundararajan, Mukund and Taly, Ankur and Yan, Qiqi},
  booktitle={International Conference on Machine Learning},
  pages={3319--3328},
  year={2017},
  organization={PMLR}
}

@article{sturmfels2020visualizing,
  title={Visualizing the impact of feature attribution baselines},
  author={Sturmfels, Pascal and Lundberg, Scott and Lee, Su-In},
  journal={Distill},
  volume={5},
  number={1},
  pages={e22},
  year={2020}
}

@inproceedings{fong2017interpretable,
  title={Interpretable explanations of black boxes by meaningful perturbation},
  author={Fong, Ruth C and Vedaldi, Andrea},
  booktitle={Proceedings of the IEEE International Conference on Computer Vision},
  pages={3429--3437},
  year={2017}
}

@article{smilkov2017smoothgrad,
  title={Smoothgrad: removing noise by adding noise},
  author={Smilkov, Daniel and Thorat, Nikhil and Kim, Been and Vi{\'e}gas, Fernanda and Wattenberg, Martin},
  journal={arXiv preprint arXiv:1706.03825},
  year={2017}
}

@article{wang2004image,
  title={Image quality assessment: from error visibility to structural similarity},
  author={Wang, Zhou and Bovik, Alan C and Sheikh, Hamid R and Simoncelli, Eero P},
  journal={IEEE transactions on image processing},
  volume={13},
  number={4},
  pages={600--612},
  year={2004},
  publisher={IEEE}
}

@inproceedings{selvaraju2017grad,
  title={Grad-cam: Visual explanations from deep networks via gradient-based localization},
  author={Selvaraju, Ramprasaath R and Cogswell, Michael and Das, Abhishek and Vedantam, Ramakrishna and Parikh, Devi and Batra, Dhruv},
  booktitle={Proceedings of the IEEE international conference on computer vision},
  pages={618--626},
  year={2017}
}

@inproceedings{zhou2016learning,
  title={Learning deep features for discriminative localization},
  author={Zhou, Bolei and Khosla, Aditya and Lapedriza, Agata and Oliva, Aude and Torralba, Antonio},
  booktitle={Proceedings of the IEEE conference on computer vision and pattern recognition},
  pages={2921--2929},
  year={2016}
}

@article{lin2013network,
  title={Network in network},
  author={Lin, Min and Chen, Qiang and Yan, Shuicheng},
  journal={arXiv preprint arXiv:1312.4400},
  year={2013}
}

@article{lundberg2017unified,
  title={A unified approach to interpreting model predictions},
  author={Lundberg, Scott and Lee, Su-In},
  journal={arXiv preprint arXiv:1705.07874},
  year={2017}
}

@article{erion2019learning,
  title={Learning explainable models using attribution priors},
  author={Erion, Gabriel and Janizek, Joseph D and Sturmfels, Pascal and Lundberg, Scott and Lee, Su-In},
  journal={arXiv preprint arXiv:1906.10670},
  year={2019}
}

@article{kokhlikyan2020captum,
  title={Captum: A unified and generic model interpretability library for pytorch},
  author={Kokhlikyan, Narine and Miglani, Vivek and Martin, Miguel and Wang, Edward and Alsallakh, Bilal and Reynolds, Jonathan and Melnikov, Alexander and Kliushkina, Natalia and Araya, Carlos and Yan, Siqi and others},
  journal={arXiv preprint arXiv:2009.07896},
  year={2020}
}

@article{adebayo2018sanity,
  title={Sanity checks for saliency maps},
  author={Adebayo, Julius and Gilmer, Justin and Muelly, Michael and Goodfellow, Ian and Hardt, Moritz and Kim, Been},
  journal={arXiv preprint arXiv:1810.03292},
  year={2018}
}

@article{yeh2019fidelity,
  title={On the (in) fidelity and sensitivity for explanations},
  author={Yeh, Chih-Kuan and Hsieh, Cheng-Yu and Suggala, Arun Sai and Inouye, David I and Ravikumar, Pradeep},
  journal={arXiv preprint arXiv:1901.09392},
  year={2019}
}

@article{ancona2017towards,
  title={Towards better understanding of gradient-based attribution methods for deep neural networks},
  author={Ancona, Marco and Ceolini, Enea and {\"O}ztireli, Cengiz and Gross, Markus},
  journal={arXiv preprint arXiv:1711.06104},
  year={2017}
}

@article{hooker2018benchmark,
  title={A benchmark for interpretability methods in deep neural networks},
  author={Hooker, Sara and Erhan, Dumitru and Kindermans, Pieter-Jan and Kim, Been},
  journal={arXiv preprint arXiv:1806.10758},
  year={2018}
}

@article{samek2016evaluating,
  title={Evaluating the visualization of what a deep neural network has learned},
  author={Samek, Wojciech and Binder, Alexander and Montavon, Gr{\'e}goire and Lapuschkin, Sebastian and M{\"u}ller, Klaus-Robert},
  journal={IEEE transactions on neural networks and learning systems},
  volume={28},
  number={11},
  pages={2660--2673},
  year={2016},
  publisher={IEEE}
}

@article{russakovsky2015imagenet,
  title={Imagenet large scale visual recognition challenge},
  author={Russakovsky, Olga and Deng, Jia and Su, Hao and Krause, Jonathan and Satheesh, Sanjeev and Ma, Sean and Huang, Zhiheng and Karpathy, Andrej and Khosla, Aditya and Bernstein, Michael and others},
  journal={International journal of computer vision},
  volume={115},
  number={3},
  pages={211--252},
  year={2015},
  publisher={Springer}
}

@misc{he2015deep,
  title={Deep residual learning for image recognition. CoRR abs/1512.03385 (2015)},
  author={He, Kaiming and Zhang, Xiangyu and Ren, Shaoqing and Sun, Jian},
  year={2015}
}

@inproceedings{huang2017densely,
  title={Densely connected convolutional networks},
  author={Huang, Gao and Liu, Zhuang and Van Der Maaten, Laurens and Weinberger, Kilian Q},
  booktitle={Proceedings of the IEEE conference on computer vision and pattern recognition},
  pages={4700--4708},
  year={2017}
}

@inproceedings{tan2019efficientnet,
  title={Efficientnet: Rethinking model scaling for convolutional neural networks},
  author={Tan, Mingxing and Le, Quoc},
  booktitle={International Conference on Machine Learning},
  pages={6105--6114},
  year={2019},
  organization={PMLR}
}

@article{rumelhart1986learning,
  title={Learning representations by back-propagating errors},
  author={Rumelhart, David E and Hinton, Geoffrey E and Williams, Ronald J},
  journal={nature},
  volume={323},
  number={6088},
  pages={533--536},
  year={1986},
  publisher={Nature Publishing Group}
}

@misc{freaky_details,
  title        = "Freaky details filter",
  author = {Tschumperlé, David and Fourey, Sébastien},
  howpublished = "\url{https://natron.readthedocs.io/en/rb-2.3/plugins/eu.gmic.FreakyDetails.html}",
  note         = "Accessed: 2021-05-01"
}

@misc{normalize_local,
  title        = "Local Normalization filter",
  author = {Tschumperlé, David and Fourey, Sébastien},
  howpublished = "\url{https://natron.readthedocs.io/en/rb-2.3/plugins/eu.gmic.LocalNormalization.html}",
  note         = "Accessed: 2021-05-01"
}


@misc{boost_chroma,
  title        = "Boost chromacity filter",
  author = {Tschumperlé, David and Fourey, Sébastien},
  howpublished = "\url{https://natron.readthedocs.io/en/rb-2.3/plugins/eu.gmic.BoostChromaticity.html#gmic-boost-chromaticity-node}",
  note         = "Accessed: 2021-05-01"
}

@misc{mighty_details,
  title        = "Mighty details filter",
  author = {Tschumperlé, David and Fourey, Sébastien},
  howpublished = "\url{https://natron.readthedocs.io/en/rb-2.3/plugins/eu.gmic.MightyDetails.html}",
  note         = "Accessed: 2021-05-01"
}

@misc{sharpen,
  title        = "Sharpening filter",
  author = {Tschumperlé, David and Fourey, Sébastien},
  howpublished = "\url{https://natron.readthedocs.io/en/rb-2.3/plugins/eu.gmic.SharpenOctaveSharpening.html}",
  note         = "Accessed: 2021-05-01"
}

@misc{keller2010convolutions,
  title        = "Computational Foundations of Cognitive Science, Convolutions and Kernels",
  author = {Keller, Frank},
  howpublished = "\url{http://www.inf.ed.ac.uk/teaching/courses/cfcs1/lectures/cfcs_l15.pdf}",
  year = {2010},
  publisher={University of Edinburgh}
}

@inproceedings{tomasi1998bilateral,
  title={Bilateral filtering for gray and color images},
  author={Tomasi, Carlo and Manduchi, Roberto},
  booktitle={Sixth international conference on computer vision (IEEE Cat. No. 98CH36271)},
  pages={839--846},
  year={1998},
  organization={IEEE}
}

@incollection{NEURIPS2019_9015,
title = {PyTorch: An Imperative Style, High-Performance Deep Learning Library},
author = {Paszke, Adam and Gross, Sam and Massa, Francisco and Lerer, Adam and Bradbury, James and Chanan, Gregory and Killeen, Trevor and Lin, Zeming and Gimelshein, Natalia and Antiga, Luca and Desmaison, Alban and Kopf, Andreas and Yang, Edward and DeVito, Zachary and Raison, Martin and Tejani, Alykhan and Chilamkurthy, Sasank and Steiner, Benoit and Fang, Lu and Bai, Junjie and Chintala, Soumith},
booktitle = {Advances in Neural Information Processing Systems 32},
editor = {H. Wallach and H. Larochelle and A. Beygelzimer and F. d\textquotesingle Alch\'{e}-Buc and E. Fox and R. Garnett},
pages = {8024--8035},
year = {2019},
publisher = {Curran Associates, Inc.},
url = {http://papers.neurips.cc/paper/9015-pytorch-an-imperative-style-high-performance-deep-learning-library.pdf}
}

@misc{gmic,
  title        = "G'MIC (GREYC's Magic for Image Computing): A Full-Featured Open-Source Framework for Image Processing",
  author = {Tschumperlé, David and Fourey, Sébastien},
  howpublished = "\url{https://gmic.eu}",
  note         = "Accessed: 2021-05-01"
}

@article{scikit-learn,
 title={Scikit-learn: Machine Learning in {P}ython},
 author={Pedregosa, F. and Varoquaux, G. and Gramfort, A. and Michel, V.
         and Thirion, B. and Grisel, O. and Blondel, M. and Prettenhofer, P.
         and Weiss, R. and Dubourg, V. and Vanderplas, J. and Passos, A. and
         Cournapeau, D. and Brucher, M. and Perrot, M. and Duchesnay, E.},
 journal={Journal of Machine Learning Research},
 volume={12},
 pages={2825--2830},
 year={2011}
}

@misc{tensorflow2015-whitepaper,
title={ {TensorFlow}: Large-Scale Machine Learning on Heterogeneous Systems},
url={https://www.tensorflow.org/},
note={Software available from tensorflow.org},
author={
    Mart\'{\i}n~Abadi and
    Ashish~Agarwal and
    Paul~Barham and
    Eugene~Brevdo and
    Zhifeng~Chen and
    Craig~Citro and
    Greg~S.~Corrado and
    Andy~Davis and
    Jeffrey~Dean and
    Matthieu~Devin and
    Sanjay~Ghemawat and
    Ian~Goodfellow and
    Andrew~Harp and
    Geoffrey~Irving and
    Michael~Isard and
    Yangqing Jia and
    Rafal~Jozefowicz and
    Lukasz~Kaiser and
    Manjunath~Kudlur and
    Josh~Levenberg and
    Dandelion~Man\'{e} and
    Rajat~Monga and
    Sherry~Moore and
    Derek~Murray and
    Chris~Olah and
    Mike~Schuster and
    Jonathon~Shlens and
    Benoit~Steiner and
    Ilya~Sutskever and
    Kunal~Talwar and
    Paul~Tucker and
    Vincent~Vanhoucke and
    Vijay~Vasudevan and
    Fernanda~Vi\'{e}gas and
    Oriol~Vinyals and
    Pete~Warden and
    Martin~Wattenberg and
    Martin~Wicke and
    Yuan~Yu and
    Xiaoqiang~Zheng},
  year={2015},
}

@article{carbonell1983overview,
  title={An overview of machine learning},
  author={Carbonell, Jaime G and Michalski, Ryszard S and Mitchell, Tom M},
  journal={Machine learning},
  pages={3--23},
  year={1983},
  publisher={Elsevier}
}

@article{mitchell1997machine,
  title={Machine learning},
  author={Mitchell, Tom M and others},
  year={1997},
  publisher={McGraw-hill New York}
}

@article{ayodele2010types,
  title={Types of machine learning algorithms},
  author={Ayodele, Taiwo Oladipupo},
  journal={New advances in machine learning},
  volume={3},
  pages={19--48},
  year={2010},
  publisher={InTech}
}

@article{mcculloch1943logical,
  title={A logical calculus of the ideas immanent in nervous activity},
  author={McCulloch, Warren S and Pitts, Walter},
  journal={The bulletin of mathematical biophysics},
  volume={5},
  number={4},
  pages={115--133},
  year={1943},
  publisher={Springer}
}

@article{werbos1974beyond,
  title={Beyond regression: New tools for prediction and analysis in the behavioral sciences},
  author={Werbos, Paul},
  journal={Ph. D. dissertation, Harvard University},
  year={1974}
}

@inproceedings{maas2013rectifier,
  title={Rectifier nonlinearities improve neural network acoustic models},
  author={Maas, Andrew L and Hannun, Awni Y and Ng, Andrew Y},
  booktitle={Proc. icml},
  volume={30},
  number={1},
  pages={3},
  year={2013},
  organization={Citeseer}
}

@article{lecun1989backpropagation,
  title={Backpropagation applied to handwritten zip code recognition},
  author={LeCun, Yann and Boser, Bernhard and Denker, John S and Henderson, Donnie and Howard, Richard E and Hubbard, Wayne and Jackel, Lawrence D},
  journal={Neural computation},
  volume={1},
  number={4},
  pages={541--551},
  year={1989},
  publisher={MIT Press}
}

@article{lecun1995convolutional,
  title={Convolutional networks for images, speech, and time series},
  author={LeCun, Yann and Bengio, Yoshua and others},
  journal={The handbook of brain theory and neural networks},
  volume={3361},
  number={10},
  pages={1995},
  year={1995}
}

@article{krizhevsky2012imagenet,
  title={Imagenet classification with deep convolutional neural networks},
  author={Krizhevsky, Alex and Sutskever, Ilya and Hinton, Geoffrey E},
  journal={Advances in neural information processing systems},
  volume={25},
  pages={1097--1105},
  year={2012}
}

@article{luo2019hexagonal,
  title={Hexagonal Convolutional Neural Networks for Hexagonal Grids},
  author={Luo, Junren and Zhang, Wanpeng and Su, Jiongming and Xiang, Fengtao},
  journal={IEEE Access},
  volume={7},
  pages={142738--142749},
  year={2019},
  publisher={IEEE}
}

@article{graham2015sparse,
  title={Sparse 3D convolutional neural networks},
  author={Graham, Ben},
  journal={arXiv preprint arXiv:1505.02890},
  year={2015}
}

@inproceedings{thomas2019kpconv,
  title={Kpconv: Flexible and deformable convolution for point clouds},
  author={Thomas, Hugues and Qi, Charles R and Deschaud, Jean-Emmanuel and Marcotegui, Beatriz and Goulette, Fran{\c{c}}ois and Guibas, Leonidas J},
  booktitle={Proceedings of the IEEE/CVF International Conference on Computer Vision},
  pages={6411--6420},
  year={2019}
}

@article{guidotti2018survey,
  title={A survey of methods for explaining black box models},
  author={Guidotti, Riccardo and Monreale, Anna and Ruggieri, Salvatore and Turini, Franco and Giannotti, Fosca and Pedreschi, Dino},
  journal={ACM computing surveys (CSUR)},
  volume={51},
  number={5},
  pages={1--42},
  year={2018},
  publisher={ACM New York, NY, USA}
}

@article{lipton2018mythos,
  title={The Mythos of Model Interpretability: In machine learning, the concept of interpretability is both important and slippery.},
  author={Lipton, Zachary C},
  journal={Queue},
  volume={16},
  number={3},
  pages={31--57},
  year={2018},
  publisher={ACM New York, NY, USA}
}

@article{arrieta2020explainable,
  title={Explainable Artificial Intelligence (XAI): Concepts, taxonomies, opportunities and challenges toward responsible AI},
  author={Arrieta, Alejandro Barredo and D{\'\i}az-Rodr{\'\i}guez, Natalia and Del Ser, Javier and Bennetot, Adrien and Tabik, Siham and Barbado, Alberto and Garc{\'\i}a, Salvador and Gil-L{\'o}pez, Sergio and Molina, Daniel and Benjamins, Richard and others},
  journal={Information Fusion},
  volume={58},
  pages={82--115},
  year={2020},
  publisher={Elsevier}
}

@inproceedings{biran2017explanation,
  title={Explanation and justification in machine learning: A survey},
  author={Biran, Or and Cotton, Courtenay},
  booktitle={IJCAI-17 workshop on explainable AI (XAI)},
  volume={8},
  number={1},
  pages={8--13},
  year={2017}
}

@article{adadi2018peeking,
  title={Peeking inside the black-box: a survey on explainable artificial intelligence (XAI)},
  author={Adadi, Amina and Berrada, Mohammed},
  journal={IEEE access},
  volume={6},
  pages={52138--52160},
  year={2018},
  publisher={IEEE}
}

@book{creswell2002educational,
  title={Educational research: Planning, conducting, and evaluating quantitative},
  author={Creswell, John W},
  year={2002},
  publisher={Prentice Hall Upper Saddle River, NJ}
}

@inproceedings{dodge2017study,
  title={A study and comparison of human and deep learning recognition performance under visual distortions},
  author={Dodge, Samuel and Karam, Lina},
  booktitle={2017 26th international conference on computer communication and networks (ICCCN)},
  pages={1--7},
  year={2017},
  organization={IEEE}
}

@article{sturman2020deep,
  title={Deep learning-based behavioral analysis reaches human accuracy and is capable of outperforming commercial solutions},
  author={Sturman, Oliver and von Ziegler, Lukas and Schl{\"a}ppi, Christa and Akyol, Furkan and Privitera, Mattia and Slominski, Daria and Grimm, Christina and Thieren, Laetitia and Zerbi, Valerio and Grewe, Benjamin and others},
  journal={Neuropsychopharmacology},
  volume={45},
  number={11},
  pages={1942--1952},
  year={2020},
  publisher={Nature Publishing Group}
}

@article{rank2020deep,
  title={Deep-learning-based real-time prediction of acute kidney injury outperforms human predictive performance},
  author={Rank, Nina and Pfahringer, Boris and Kempfert, J{\"o}rg and Stamm, Christof and K{\"u}hne, Titus and Schoenrath, Felix and Falk, Volkmar and Eickhoff, Carsten and Meyer, Alexander},
  journal={NPJ digital medicine},
  volume={3},
  number={1},
  pages={1--12},
  year={2020},
  publisher={Nature Publishing Group}
}

@book{wani2020advances,
  title={Advances in deep learning},
  author={Wani, M Arif and Bhat, Farooq Ahmad and Afzal, Saduf and Khan, Asif Iqbal},
  year={2020},
  publisher={Springer}
}

@article{fedus2021switch,
  title={Switch Transformers: Scaling to Trillion Parameter Models with Simple and Efficient Sparsity},
  author={Fedus, William and Zoph, Barret and Shazeer, Noam},
  journal={arXiv preprint arXiv:2101.03961},
  year={2021}
}

@article{edwards2017slave,
  title={Slave to the algorithm: Why a right to an explanation is probably not the remedy you are looking for},
  author={Edwards, Lilian and Veale, Michael},
  journal={Duke L. \& Tech. Rev.},
  volume={16},
  pages={18},
  year={2017},
  publisher={HeinOnline}
}

% XAI usage

@article{rethmeier2020efficare,
  title={EffiCare: Better Prognostic Models via Resource-Efficient Health Embeddings},
  author={Rethmeier, Nils and {\c{S}}erbetci, Necip O{\u{g}}uz and M{\"o}ller, Sebastian and Roller, Roland},
  journal={medRxiv},
  year={2020},
  publisher={Cold Spring Harbor Laboratory Press}
}


@article{sidhom2021deep,
  title={Deep learning for diagnosis of acute promyelocytic leukemia via recognition of genomically imprinted morphologic features},
  author={Sidhom, John-William and Siddarthan, Ingharan J and Lai, Bo-Shiun and Luo, Adam and Hambley, Bryan C and Bynum, Jennifer and Duffield, Amy S and Streiff, Michael B and Moliterno, Alison R and Imus, Philip and others},
  journal={NPJ precision oncology},
  volume={5},
  number={1},
  pages={1--8},
  year={2021},
  publisher={Nature Publishing Group}
}


@article{kleppe2021designing,
  title={Designing deep learning studies in cancer diagnostics},
  author={Kleppe, Andreas and Skrede, Ole-Johan and De Raedt, Sepp and Liest{\o}l, Knut and Kerr, David J and Danielsen, H{\aa}vard E},
  journal={Nature Reviews Cancer},
  pages={1--13},
  year={2021},
  publisher={Nature Publishing Group}
}

@article{xiao2021screening,
  title={Screening and identifying hepatobiliary diseases through deep learning using ocular images: a prospective, multicentre study},
  author={Xiao, Wei and Huang, Xi and Wang, Jing Hui and Lin, Duo Ru and Zhu, Yi and Chen, Chuan and Yang, Ya Han and Xiao, Jun and Zhao, Lan Qin and Li, Ji-Peng Olivia and others},
  journal={The Lancet Digital Health},
  volume={3},
  number={2},
  pages={e88--e97},
  year={2021},
  publisher={Elsevier}
}

@article{van2020systematic,
  title={Systematic comparison of heatmapping techniques in deep learning in the context of diabetic retinopathy lesion detection},
  author={Van Craenendonck, Toon and Elen, Bart and Gerrits, Nele and De Boever, Patrick},
  journal={Translational Vision Science \& Technology},
  volume={9},
  number={2},
  pages={64--64},
  year={2020},
  publisher={The Association for Research in Vision and Ophthalmology}
}

@article{kovacs2021challenges,
  title={Challenges of Hate Speech Detection in Social Media},
  author={Kov{\'a}cs, Gy{\"o}rgy and Alonso, Pedro and Saini, Rajkumar},
  journal={SN Computer Science},
  volume={2},
  number={2},
  pages={1--15},
  year={2021},
  publisher={Springer}
}

@article{liu2021interrogation,
  title={Interrogation of gender disparity uncovers androgen receptor as the transcriptional activator for oncogenic miR-125b in gastric cancer},
  author={Liu, Ben and Zhou, Meng and Li, Xiangchun and Zhang, Xining and Wang, Qinghua and Liu, Luyang and Yang, Meng and Yang, Da and Guo, Yan and Zhang, Qiang and others},
  journal={Cell death \& disease},
  volume={12},
  number={5},
  pages={1--22},
  year={2021},
  publisher={Nature Publishing Group}
}

@article{mamandipoor2021machine,
  title={Machine learning predicts mortality based on analysis of ventilation parameters of critically ill patients: multi-centre validation},
  author={Mamandipoor, Behrooz and Frutos-Vivar, Fernando and Pe{\~n}uelas, Oscar and Rezar, Richard and Raymondos, Konstantinos and Muriel, Alfonso and Du, Bin and Thille, Arnaud W and R{\'\i}os, Fernando and Gonz{\'a}lez, Marco and others},
  journal={BMC Medical Informatics and Decision Making},
  volume={21},
  number={1},
  pages={1--12},
  year={2021},
  publisher={BioMed Central}
}

@article{lind2021artificial,
  title={Artificial intelligence for the classification of fractures around the knee in adults according to the 2018 AO/OTA classification system},
  author={Lind, Anna and Akbarian, Ehsan and Olsson, Simon and N{\aa}sell, Hans and Sk{\"o}ldenberg, Olof and Razavian, Ali Sharif and Gordon, Max},
  journal={PloS one},
  volume={16},
  number={4},
  pages={e0248809},
  year={2021},
  publisher={Public Library of Science San Francisco, CA USA}
}

@article{jimenez2021artificial,
  title={Artificial intelligence in drug discovery: Recent advances and future perspectives},
  author={Jim{\'e}nez-Luna, Jos{\'e} and Grisoni, Francesca and Weskamp, Nils and Schneider, Gisbert},
  journal={Expert Opinion on Drug Discovery},
  pages={1--11},
  year={2021},
  publisher={Taylor \& Francis}
}

@article{asif2020deepselex,
  title={DeepSELEX: inferring DNA-binding preferences from HT-SELEX data using multi-class CNNs},
  author={Asif, Maor and Orenstein, Yaron},
  journal={Bioinformatics},
  volume={36},
  number={Supplement\_2},
  pages={i634--i642},
  year={2020},
  publisher={Oxford University Press}
}



@article{ahmed2021discovery,
  title={Discovery of a Generalization Gap of Convolutional Neural Networks on COVID-19 X-rays Classification},
  author={Ahmed, Kaoutar Ben and Goldgof, Gregory M and Paul, Rahul and Goldgof, Dmitry B and Hall, Lawrence O},
  journal={IEEE Access},
  year={2021},
  publisher={IEEE}
}

@article{sinanc2021explainable,
  title={Explainable Credit Card Fraud Detection with Image Conversion},
  author={Sinanc, Duygu and Demirezen, Umut and Sa{\u{g}}{\i}ro{\u{g}}lu, {\c{S}}eref},
  journal={ADCAIJ: Advances in Distributed Computing and Artificial Intelligence Journal},
  volume={10},
  number={1},
  pages={63--76},
  year={2021}
}

@article{pianpanit2021parkinson,
  title={Parkinson’s Disease Recognition Using SPECT Image and Interpretable AI: A Tutorial},
  author={Pianpanit, Theerasarn and Lolak, Sermkiat and Sawangjai, Phattarapong and Sudhawiyangkul, Thapanun and Wilaiprasitporn, Theerawit},
  journal={IEEE Sensors Journal},
  year={2021},
  publisher={IEEE}
}

@article{panwar2020deep,
  title={A deep learning and grad-CAM based color visualization approach for fast detection of COVID-19 cases using chest X-ray and CT-Scan images},
  author={Panwar, Harsh and Gupta, PK and Siddiqui, Mohammad Khubeb and Morales-Menendez, Ruben and Bhardwaj, Prakhar and Singh, Vaishnavi},
  journal={Chaos, Solitons \& Fractals},
  volume={140},
  pages={110190},
  year={2020},
  publisher={Elsevier}
}

% XAI usage end


@article{kindermans2016investigating,
  title={Investigating the influence of noise and distractors on the interpretation of neural networks},
  author={Kindermans, Pieter-Jan and Sch{\"u}tt, Kristof and M{\"u}ller, Klaus-Robert and D{\"a}hne, Sven},
  journal={arXiv preprint arXiv:1611.07270},
  year={2016}
}


@inproceedings{ghorbani2019interpretation,
  title={Interpretation of neural networks is fragile},
  author={Ghorbani, Amirata and Abid, Abubakar and Zou, James},
  booktitle={Proceedings of the AAAI Conference on Artificial Intelligence},
  volume={33},
  number={01},
  pages={3681--3688},
  year={2019}
}

@misc{gcp_ig,
  title        = "Introduction to Vertex Explainable AI for Vertex AI",
  author       = "{Google Cloud Blog}",
  howpublished = "\url{https://cloud.google.com/vertex-ai/docs/explainable-ai/overview#ig}",
  note         = "Accessed: 2021-05-01"
}